@article{DENECKE201517,
title = {Sentiment analysis in medical settings: New opportunities and challenges},
journal = {Artificial Intelligence in Medicine},
volume = {64},
number = {1},
pages = {17-27},
year = {2015},
issn = {0933-3657},
doi = {https://doi.org/10.1016/j.artmed.2015.03.006},
url = {https://www.sciencedirect.com/science/article/pii/S0933365715000299},
author = {Kerstin Denecke and Yihan Deng},
keywords = {Sentiment analysis, Clinical text mining, Medical language processing, Health status analysis}
}
@article{covid19,
author = {Bhat, Muzafar and Qadiri, Monisa and Beg, Noor-ul-Asrar and Kundroo, Majid and Ahanger, Abdul Naffi and Agarwal, Basant},
year = {2020},
month = {05},
pages = {},
title = {Sentiment analysis of Social Media Response on the Covid19 outbreak},
volume = {87},
journal = {Brain, Behavior, and Immunity},
doi = {10.1016/j.bbi.2020.05.006}
}
@article{feldman,
author = {Feldman, Ronen},
year = {2013},
month = {04},
pages = {82–89},
title = {Techniques and Applications for Sentiment Analysis},
volume = {56},
journal = {Commun. ACM},
doi = {10.1145/2436256.2436274}
}

@inproceedings{krouska,
author = {Krouska, Akrivi and Troussas, Christos and Virvou, Maria},
year = {2016},
month = {07},
pages = {1-5},
title = {The effect of preprocessing techniques on Twitter sentiment analysis},
doi = {10.1109/IISA.2016.7785373}
}

@inproceedings{zainudin,
author = {Zainudin, Suhaila},
year = {2015},
month = {07},
pages = {},
title = {Sentiment analysis techniques in recent works},
doi = {10.1109/SAI.2015.7237157}
}
@article{latha,
author = {Latha, Indukuri and Varma, Dr and Govardhan, Dr},
year = {2012},
month = {07},
pages = {58-61},
title = {Preprocessing the Informal Text for efficient Sentiment Analysis},
volume = {1},
journal = {International Journal of Emerging Trends \& Technology in Computer Science}
}

@inproceedings{magliani,
author = {Magliani, Federico and Fontanini, Tomaso and Fornacciari, Paolo and Manicardi, Stefano and Iotti, Eleonora},
year = {2016},
month = {12},
pages = {},
title = {A Comparison between Preprocessing Techniques for Sentiment Analysis in Twitter}
}


@misc{devlin2019bert,
      title={BERT: Pre-training of Deep Bidirectional Transformers for Language Understanding}, 
      author={Jacob Devlin and Ming-Wei Chang and Kenton Lee and Kristina Toutanova},
      year={2019},
      eprint={1810.04805},
      archivePrefix={arXiv},
      primaryClass={cs.CL}
}

@article{lstm,
author = {Muhammad, Putra and Kusumaningrum, Retno and Wibowo, Adi},
year = {2021},
month = {01},
pages = {728-735},
title = {Sentiment Analysis Using Word2vec And Long Short-Term Memory (LSTM) For Indonesian Hotel Reviews},
volume = {179},
journal = {Procedia Computer Science},
doi = {10.1016/j.procs.2021.01.061}
}
@article{bilstm,
author = {Hanane Elfaik and El Habib Nfaoui},
doi = {doi:10.1515/jisys-2020-0021},
url = {https://doi.org/10.1515/jisys-2020-0021},
title = {Deep Bidirectional LSTM Network Learning-Based Sentiment Analysis for Arabic Text},
journal = {Journal of Intelligent Systems},
number = {1},
volume = {30},
year = {2021},
pages = {395--412}
}

@article{naivebayes,
   title={Sentiment Analysis of Review Datasets Using Naïve Bayes‘ and K-NN Classifier},
   volume={8},
   ISSN={2074-9031},
   url={http://dx.doi.org/10.5815/ijieeb.2016.04.07},
   DOI={10.5815/ijieeb.2016.04.07},
   number={4},
   journal={International Journal of Information Engineering and Electronic Business},
   publisher={MECS Publisher},
   author={Dey, Lopamudra and Chakraborty, Sanjay and Biswas, Anuraag and Bose, Beepa and Tiwari, Sweta},
   year={2016},
   month={Jul},
   pages={54–62}
}
